[gd_scene load_steps=14 format=2]

[ext_resource path="res://scenes/Player/Player.tscn" type="PackedScene" id=1]
[ext_resource path="res://scenes/Main.gd" type="Script" id=2]
[ext_resource path="res://scenes/Mob/Mob.tscn" type="PackedScene" id=3]
[ext_resource path="res://assets/images/background.jpg" type="Texture" id=4]
[ext_resource path="res://assets/sounds/game-music.wav" type="AudioStream" id=5]
[ext_resource path="res://assets/sounds/death.wav" type="AudioStream" id=6]
[ext_resource path="res://scenes/Player/Missile/Missile.tscn" type="PackedScene" id=7]
[ext_resource path="res://assets/sounds/ouch.wav" type="AudioStream" id=8]
[ext_resource path="res://scenes/HUD/HUD.tscn" type="PackedScene" id=9]
[ext_resource path="res://assets/sounds/ka-pew.wav" type="AudioStream" id=10]
[ext_resource path="res://assets/sounds/menu-music.wav" type="AudioStream" id=11]

[sub_resource type="Curve2D" id=1]
_data = {
"points": PoolVector2Array( 0, 0, 0, 0, 0.537811, 0.126862, 0, 0, 0, 0, 480, 0, 0, 0, 0, 0, 480, 24, 0, 0, 0, 0, 479.853, 719.83, 0, 0, 0, 0, 0.863922, 719.83, 0, 0, 0, 0, 0.725906, 0.144073, 0, 0, 0, 0, 0.537811, 0.126862 )
}

[sub_resource type="Curve2D" id=2]
_data = {
"points": PoolVector2Array(  )
}

[node name="Main" type="Node2D"]
script = ExtResource( 2 )
Mob = ExtResource( 3 )
Missile = ExtResource( 7 )

[node name="Background" type="Sprite" parent="."]
position = Vector2( 240, 344 )
scale = Vector2( 0.354388, 0.797869 )
texture = ExtResource( 4 )

[node name="Player" parent="." instance=ExtResource( 1 )]

[node name="MobTimer" type="Timer" parent="."]
wait_time = 0.5

[node name="ScoreTimer" type="Timer" parent="."]

[node name="StartTimer" type="Timer" parent="."]
wait_time = 2.0
one_shot = true

[node name="StartPosition" type="Position2D" parent="."]
position = Vector2( 240, 250 )

[node name="MobPath" type="Path2D" parent="."]
curve = SubResource( 1 )

[node name="MobSpawnLocation" type="PathFollow2D" parent="MobPath"]
position = Vector2( 0.537811, 0.126862 )
rotation = -0.00026459

[node name="HUD" parent="." instance=ExtResource( 9 )]

[node name="Music" type="AudioStreamPlayer2D" parent="."]
stream = ExtResource( 5 )

[node name="MissilePath" type="Path2D" parent="."]
curve = SubResource( 2 )

[node name="MissileSpawnLocation" type="PathFollow2D" parent="MissilePath"]

[node name="PlayerHitSound" type="AudioStreamPlayer2D" parent="."]
stream = ExtResource( 8 )

[node name="Pew" type="AudioStreamPlayer2D" parent="."]
stream = ExtResource( 10 )

[node name="DeathSound" type="AudioStreamPlayer2D" parent="."]
stream = ExtResource( 6 )

[node name="MenuMusic" type="AudioStreamPlayer2D" parent="."]
stream = ExtResource( 11 )
[connection signal="dead" from="Player" to="." method="_on_Player_dead"]
[connection signal="fire_missile" from="Player" to="." method="_on_Player_fire_missile"]
[connection signal="hit" from="Player" to="." method="_on_Player_hit"]
[connection signal="timeout" from="MobTimer" to="." method="_on_MobTimer_timeout"]
[connection signal="timeout" from="ScoreTimer" to="." method="_on_ScoreTimer_timeout"]
[connection signal="timeout" from="StartTimer" to="." method="_on_StartTimer_timeout"]
[connection signal="start_game" from="HUD" to="." method="_on_HUD_start_game"]
[connection signal="finished" from="Pew" to="." method="_on_Pew_finished"]
