[gd_scene load_steps=13 format=2]

[ext_resource path="res://assets/images/playerGrey_walk2.png" type="Texture" id=1]
[ext_resource path="res://assets/images/playerGrey_up1.png" type="Texture" id=2]
[ext_resource path="res://assets/images/playerGrey_walk1.png" type="Texture" id=3]
[ext_resource path="res://assets/images/playerGrey_up2.png" type="Texture" id=4]
[ext_resource path="res://scenes/Player/Player.gd" type="Script" id=5]

[sub_resource type="SpriteFrames" id=1]
animations = [ {
"frames": [ ExtResource( 3 ), ExtResource( 1 ) ],
"loop": true,
"name": "right",
"speed": 5.0
}, {
"frames": [ ExtResource( 2 ), ExtResource( 4 ) ],
"loop": true,
"name": "up",
"speed": 4.0
} ]

[sub_resource type="CapsuleShape2D" id=2]
radius = 55.2952
height = 27.4048

[sub_resource type="Gradient" id=3]
offsets = PoolRealArray( 0, 0.259259, 0.511111 )
colors = PoolColorArray( 1, 1, 0.831373, 0.501961, 0.507246, 0.507246, 0.507246, 0.25314, 1, 1, 1, 0 )

[sub_resource type="GradientTexture" id=4]
gradient = SubResource( 3 )

[sub_resource type="Curve" id=5]
_data = [ Vector2( 0.00632912, 0.490909 ), 0.0, 0.0, 0, 0, Vector2( 1, 0.0795454 ), 0.0, 0.0, 0, 0 ]

[sub_resource type="CurveTexture" id=6]
curve = SubResource( 5 )

[sub_resource type="ParticlesMaterial" id=7]
flag_disable_z = true
gravity = Vector3( 0, 0, 0 )
initial_velocity = 1.0
orbit_velocity = 0.0
orbit_velocity_random = 0.0
scale = 0.8
scale_curve = SubResource( 6 )
color_ramp = SubResource( 4 )

[node name="Player" type="Area2D"]
scale = Vector2( 0.5, 0.5 )
script = ExtResource( 5 )

[node name="AnimatedSprite" type="AnimatedSprite" parent="."]
frames = SubResource( 1 )
animation = "up"

[node name="CollisionShape2D" type="CollisionShape2D" parent="."]
shape = SubResource( 2 )

[node name="Trail" type="Particles2D" parent="."]
show_behind_parent = true
amount = 10
speed_scale = 2.0
local_coords = false
process_material = SubResource( 7 )
texture = ExtResource( 2 )
[connection signal="body_entered" from="." to="." method="_on_Player_body_entered"]
